@article{tomaello11,
	author = {Tomaello, Andrea and Bonato, Cristian and {Da Deppo}, Vania and Naletto, Giampiero and Villoresi, Paolo},
	year = {2011},
	month = {03},
	pages = {802-810},
	title = {Link budget and background noise for satellite quantum key distribution},
	volume = {47},
	journal = {Advances in Space Research - ADV SPACE RES}
	}
	
@article{leinert98,
    author = {Leinert, Ch and Bowyer, Stuart and K. Haikala, L and S. Hanner, M and Hauser, M and Levasseur-Regourd, A.-Ch and Mann, Ingrid and Mattila, Katariina and Reach, William and Schlosser, W and Staude, H.J. and N. Toller, G and L. Weiland, J and L. Weinberg, J and Witt, Adolf},
    year = {1998},
    month = {01},
    pages = {},
    title = {The 1997 reference of diffuse night sky brightness},
    volume = {127},
    journal = {http://dx.doi.org/10.1051/aas:1998105},
    doi = {10.1051/aas:1998105}
    }
    
@INPROCEEDINGS{gerlin13, 
    author={F. {Gerlin} and N. {Laurenti} and G. {Naletto} and G. {Vallone} and P. {Villoresi} and L. {Bonino} and S. {Mottini} and Z. {Sodnik}}, 
    booktitle={2013 International Conference on Localization and GNSS (ICL-GNSS)}, 
    title={Design optimization for quantum communications in a GNSS intersatellite network}, 
    year={2013}, 
    volume={}, 
    number={},
    pages={1-6}, 
    doi={10.1109/ICL-GNSS.2013.6577252}, 
    ISSN={2325-0771}, 
    month={June},
    }
    
@misc{SOURCEdataset,
    title = {SOURCE dataset},
    author = {LASP Interactive Solar Irradiance Data Center},
    howpublished = {\url{http://lasp.colorado.edu/lisird/data/sorce_ssi_l3/}},
    note = {Last Access: December 2018}
    }